@article {KL21,
    AUTHOR = {Kapulkin, Krzysztof and Lumsdaine, Peter LeFanu},
     TITLE = {The simplicial model of univalent foundations (after
              {V}oevodsky)},
   JOURNAL = {J. Eur. Math. Soc. (JEMS)},
  FJOURNAL = {Journal of the European Mathematical Society (JEMS)},
    VOLUME = {23},
      YEAR = {2021},
    NUMBER = {6},
     PAGES = {2071--2126},
      ISSN = {1435-9855,1435-9863},
   MRCLASS = {03B38 (18N45 55U35)},
  MRNUMBER = {4244523},
MRREVIEWER = {Andrzej\ Wi\'{s}nicki},
       DOI = {10.4171/JEMS/1050},
       URL = {https://doi.org/10.4171/JEMS/1050},
}
@misc{Joy17,
      title={Notes on Clans and Tribes}, 
      author={Andre Joyal},
      year={2017},
      eprint={1710.10238},
      archivePrefix={arXiv},
      primaryClass={math.CT}
}
@article {KL18,
    AUTHOR = {Kapulkin, Krzysztof and Lumsdaine, Peter LeFanu},
     TITLE = {The homotopy theory of type theories},
   JOURNAL = {Adv. Math.},
  FJOURNAL = {Advances in Mathematics},
    VOLUME = {337},
      YEAR = {2018},
     PAGES = {1--38},
      ISSN = {0001-8708,1090-2082},
   MRCLASS = {55U35 (03B15 18C50 18G55)},
  MRNUMBER = {3853043},
MRREVIEWER = {Fredrik\ Nordvall Forsberg},
       DOI = {10.1016/j.aim.2018.08.003},
       URL = {https://doi.org/10.1016/j.aim.2018.08.003},
}
@misc{nlaDTT,
  author = {{nLab authors}},
  title = {categorical semantics of dependent type theory},
  howpublished = {\url{https://ncatlab.org/nlab/show/categorical+semantics+of+dependent+type+theory}},
  note = {\href{https://ncatlab.org/nlab/revision/categorical+semantics+of+dependent+type+theory/74}{Revision 74}},
}
@incollection {Hof97,
    AUTHOR = {Hofmann, Martin},
     TITLE = {Syntax and semantics of dependent types},
 BOOKTITLE = {Semantics and logics of computation ({C}ambridge, 1995)},
    SERIES = {Publ. Newton Inst.},
    VOLUME = {14},
     PAGES = {79--130},
 PUBLISHER = {Cambridge Univ. Press, Cambridge},
      YEAR = {1997},
      ISBN = {0-521-58057-9},
   MRCLASS = {03B70 (68N15 68Q55)},
  MRNUMBER = {1629519},
       DOI = {10.1017/CBO9780511526619.004},
       URL = {https://doi.org/10.1017/CBO9780511526619.004},
}
@book {Cis19,
    AUTHOR = {Cisinski, Denis-Charles},
     TITLE = {Higher {C}ategories and {H}omotopical {A}lgebra},
    SERIES = {Cambridge Studies in Advanced Mathematics},
    VOLUME = {180},
 PUBLISHER = {Cambridge University Press, Cambridge},
      YEAR = {2019},
     PAGES = {xviii+430},
      ISBN = {978-1-108-47320-0},
   MRCLASS = {18-02 (18D05 18F20 18G55 55U10 55U35)},
  MRNUMBER = {3931682},
MRREVIEWER = {Charles\ Rezk},
       DOI = {10.1017/9781108588737},
       URL = {https://doi.org/10.1017/9781108588737},
}
@article {BKP89,
    AUTHOR = {Blackwell, R. and Kelly, G. M. and Power, A. J.},
     TITLE = {Two-dimensional monad theory},
   JOURNAL = {J. Pure Appl. Algebra},
  FJOURNAL = {Journal of Pure and Applied Algebra},
    VOLUME = {59},
      YEAR = {1989},
    NUMBER = {1},
     PAGES = {1--41},
      ISSN = {0022-4049},
   MRCLASS = {18D05 (18C15)},
  MRNUMBER = {1007911},
MRREVIEWER = {R. H. Street},
       DOI = {10.1016/0022-4049(89)90160-6},
       URL = {https://doi-org.kyoto-u.idm.oclc.org/10.1016/0022-4049(89)90160-6},
}
@article {Lam22,
    AUTHOR = {Lambert, Michael},
     TITLE = {Double categories of relations},
   JOURNAL = {Theory Appl. Categ.},
  FJOURNAL = {Theory and Applications of Categories},
    VOLUME = {38},
      YEAR = {2022},
     PAGES = {Paper No. 33, 1249--1283},
   MRCLASS = {18N10 (18N25)},
  MRNUMBER = {4508326},
       DOI = {10.1002/num.22822},
       URL = {https://doi-org.kyoto-u.idm.oclc.org/10.1002/num.22822},
}
@article {BG16,
    AUTHOR = {Bourke, John and Garner, Richard},
     TITLE = {Algebraic weak factorisation systems {I}: {A}ccessible {AWFS}},
   JOURNAL = {J. Pure Appl. Algebra},
  FJOURNAL = {Journal of Pure and Applied Algebra},
    VOLUME = {220},
      YEAR = {2016},
    NUMBER = {1},
     PAGES = {108--147},
      ISSN = {0022-4049},
   MRCLASS = {18A32 (55U35)},
  MRNUMBER = {3393453},
MRREVIEWER = {Simion Sorin P. Breaz},
       DOI = {10.1016/j.jpaa.2015.06.002},
       URL = {https://doi-org.kyoto-u.idm.oclc.org/10.1016/j.jpaa.2015.06.002},
}
@book {MS06,
    AUTHOR = {May, J. P. and Sigurdsson, J.},
     TITLE = {Parametrized Homotopy Theory},
    SERIES = {Mathematical Surveys and Monographs},
    VOLUME = {132},
 PUBLISHER = {American Mathematical Society, Providence, RI},
      YEAR = {2006},
     PAGES = {x+441},
      ISBN = {978-0-8218-3922-5; 0-8218-3922-5},
   MRCLASS = {55P42 (19L99 55N20 55N22 55P91)},
  MRNUMBER = {2271789},
MRREVIEWER = {A. A. Ranicki},
       DOI = {10.1090/surv/132},
       URL = {https://doi.org/10.1090/surv/132},
}
@article {CS10,
    AUTHOR = {Cruttwell, G. S. H. and Shulman, Michael A.},
     TITLE = {A unified framework for generalized multicategories},
   JOURNAL = {Theory Appl. Categ.},
  FJOURNAL = {Theory and Applications of Categories},
    VOLUME = {24},
      YEAR = {2010},
     PAGES = {No. 21, 580--655},
   MRCLASS = {18D05 (18D20 18D50)},
  MRNUMBER = {2770076},
MRREVIEWER = {Stephen Lack},
}
@article {Pas16,
    AUTHOR = {Pasquali, Fabio},
     TITLE = {Remarks on the tripos to topos construction: comprehension,
              extensionality, quotients and functional-completeness},
   JOURNAL = {Appl. Categ. Structures},
  FJOURNAL = {Applied Categorical Structures. A Journal Devoted to
              Applications of Categorical Methods in Algebra, Analysis,
              Order, Topology and Computer Science},
    VOLUME = {24},
      YEAR = {2016},
    NUMBER = {2},
     PAGES = {105--119},
      ISSN = {0927-2852,1572-9095},
   MRCLASS = {18B25 (03G30 18F20)},
  MRNUMBER = {3474891},
MRREVIEWER = {Ali\ Madanshekaf},
       DOI = {10.1007/s10485-014-9388-1},
       URL = {https://doi.org/10.1007/s10485-014-9388-1},
}
@article {Ver11,
    AUTHOR = {Verity, Dominic},
     TITLE = {Enriched categories, internal categories and change of base},
   JOURNAL = {Repr. Theory Appl. Categ.},
  FJOURNAL = {Reprints in Theory and Applications of Categories},
    NUMBER = {20},
      YEAR = {2011},
     PAGES = {1--266},
   MRCLASS = {18D05 (18D20)},
  MRNUMBER = {2844536},
MRREVIEWER = {Josep\ Elgueta},
}
@phdthesis {Ale18,
    AUTHOR = {Aleiferi, Evangelia},
     TITLE = {Cartesian double categories with an emphasis on characterizing spans},
    SCHOOL = {Dalhousie University},
   ADDRESS = {Halifax, Nova Scotia},
  abstract = {In this thesis, we introduce Cartesian double categories, motivated by the work of Carboni, Kelly, Walters, and Wood on Cartesian bicategories. Moving from bicategories to the slightly more generalized notion of double categories allows us to set the whole theory inside the welcoming 2-category of double categories, and to overcome technical problems that were caused by working with left adjoints inside a general bicategory. Cartesian double categories that are also fibrant are of particular interest to us. After describing some important properties of Cartesian and fibrant double categories, we give a characterization of the double category of Spans as a Cartesian double category. Lastly, we talk about profunctors and give a potential framework for their characterization as Cartesian double categories.},
    eprint = {1809.06940},
      year = {2018},
       mon = {aug},
}
@incollection{Kel91,
    AUTHOR = {Kelly, G. M.},
     TITLE = {A note on relations relative to a factorization system},
 BOOKTITLE = {Category theory ({C}omo, 1990)},
    SERIES = {Lecture Notes in Math.},
    VOLUME = {1488},
     PAGES = {249--261},
 PUBLISHER = {Springer, Berlin},
      YEAR = {1991},
   MRCLASS = {18B10},
  MRNUMBER = {1173016},
MRREVIEWER = {R. H. Street},
       DOI = {10.1007/BFb0084224},
       URL = {https://doi.org/10.1007/BFb0084224},
}
@misc{Mye18,
     title = {String Diagrams For Double Categories and Equipments}, 
    author = {David Jaz Myers},
      year = {2018},
    eprint = {1612.02762},
archivePrefix = {arXiv},
primaryClass = {math.CT}
}
@article {CKS84,
    AUTHOR = {Carboni, Aurelio and Kasangian, Stefano and Street, Ross},
     TITLE = {Bicategories of spans and relations},
   JOURNAL = {J. Pure Appl. Algebra},
  FJOURNAL = {Journal of Pure and Applied Algebra},
    VOLUME = {33},
      YEAR = {1984},
    NUMBER = {3},
     PAGES = {259--267},
      ISSN = {0022-4049},
   MRCLASS = {18D05},
  MRNUMBER = {761632},
MRREVIEWER = {J. Duskin},
       DOI = {10.1016/0022-4049(84)90061-6},
       URL = {https://doi.org/10.1016/0022-4049(84)90061-6},
}
@misc{Vas14,
      title={Generalization of Algebraic Operations via Enrichment}, 
      author={Christina Vasilakopoulou},
      year={2014},
      eprint={1411.3038},
      archivePrefix={arXiv},
      primaryClass={math.CT}
}
@article {CW87,
    AUTHOR = {Carboni, A. and Walters, R. F. C.},
     TITLE = {Cartesian bicategories. {I}},
   JOURNAL = {J. Pure Appl. Algebra},
  FJOURNAL = {Journal of Pure and Applied Algebra},
    VOLUME = {49},
      YEAR = {1987},
    NUMBER = {1-2},
     PAGES = {11--32},
      ISSN = {0022-4049,1873-1376},
   MRCLASS = {18D05 (18D20)},
  MRNUMBER = {920513},
MRREVIEWER = {R.\ H.\ Street},
       DOI = {10.1016/0022-4049(87)90121-6},
       URL = {https://doi.org/10.1016/0022-4049(87)90121-6},
}
@misc{Sch15,
    title = {Regular and exact (virtual) double categories},
    abstract = {We propose definitions of regular and exact (virtual) double categories, proving a number of results which parallel many basic results in the theory of regular and exact categories. We show that any regular virtual double category admits a factorization system which generalizes the factorization of a functor between categories into a bijective-on-objects functor followed by a fully-faithful functor. Finally, we show that our definition of exact double category is equivalent to an axiom proposed by Wood, and very closely related to the "tight Kleisli objects" studied by Garner and Shulman.},
    author = {Schultz, Patrick},
    urldate = {2023-04-10},
    date = {2015-05-04},
  year = {2015},
    eprinttype = {arxiv},
    eprint = {1505.00712},
    keywords = {notion, Mathematics - Category Theory, Double Category, 18D05, 18E10, 18B10},
    file = {Schultz_2015_Regular and exact (virtual) double categories.pdf:C\:\\Users\\nasu\\Zotero\\storage\\8EE39HBB\\Schultz_2015_Regular and exact (virtual) double categories.pdf:application/pdf},
}
@phdthesis{cli22,
  author      = {clingman, tslil},
  school      = {Johns Hopkins University},
  title       = {Towards the Theory of Proof-relevant Categories},
  year        = {2022},
  url         =	{http://jhir.library.jhu.edu/handle/1774.2/67629}
}
@misc{nLa,
  author = {{nLab authors}},
  title = {sliced adjoint functors -- section},
  howpublished = {\url{https://ncatlab.org/nlab/show/sliced+adjoint+functors+--+section}},
  note = {\href{https://ncatlab.org/nlab/revision/sliced+adjoint+functors+--+section/9}{Revision 9}},
  month = aug,
  year = 2023
}
@article {GP99,
    AUTHOR = {Grandis, Marco and Pare, Robert},
     TITLE = {Limits in double categories},
   JOURNAL = {Cahiers Topologie G\'{e}om. Diff\'{e}rentielle Cat\'{e}g.},
  FJOURNAL = {Cahiers de Topologie et G\'{e}om\'{e}trie Diff\'{e}rentielle
              Cat\'{e}goriques},
    VOLUME = {40},
      YEAR = {1999},
    NUMBER = {3},
     PAGES = {162--220},
      ISSN = {0008-0004},
   MRCLASS = {18D05 (18A30)},
  MRNUMBER = {1716779},
MRREVIEWER = {Temple\ H.\ Fay},
}
@article {LR20,
    AUTHOR = {Loregian, Fosco and Riehl, Emily},
     TITLE = {Categorical notions of fibration},
   JOURNAL = {Expo. Math.},
  FJOURNAL = {Expositiones Mathematicae},
    VOLUME = {38},
      YEAR = {2020},
    NUMBER = {4},
     PAGES = {496--514},
      ISSN = {0723-0869,1878-0792},
   MRCLASS = {18N45 (18D30)},
  MRNUMBER = {4177953},
MRREVIEWER = {Laurent\ Poinsot},
       DOI = {10.1016/j.exmath.2019.02.004},
       URL = {https://doi.org/10.1016/j.exmath.2019.02.004},
}
@misc{Kou22,
     title = {Augmented virtual double categories},
    author = {Seerp Roald Koudenburg},
      year = {2022},
    eprint = {1910.11189},
archivePrefix = {arXiv},
 primaryClass = {math.CT},
}
@book {Joh02,
    AUTHOR = {Johnstone, Peter T.},
     TITLE = {Sketches of an Elephant: a Topos Theory Compendium. {V}ol. 1},
    SERIES = {Oxford Logic Guides},
    VOLUME = {43},
 PUBLISHER = {The Clarendon Press, Oxford University Press, New York},
      YEAR = {2002},
     PAGES = {xxii+468+71},
      ISBN = {0-19-853425-6},
   MRCLASS = {18B25 (18-02)},
  MRNUMBER = {1953060},
MRREVIEWER = {Colin\ McLarty},
}
@book {Bor94,
    AUTHOR = {Borceux, Francis},
     TITLE = {Handbook of Categorical Algebra. 2},
    SERIES = {Encyclopedia of Mathematics and its Applications},
    VOLUME = {51},
      NOTE = {Categories and structures},
 PUBLISHER = {Cambridge University Press, Cambridge},
      YEAR = {1994},
     PAGES = {xviii+443},
      ISBN = {0-521-44179-X},
   MRCLASS = {18-02 (18Exx)},
  MRNUMBER = {1313497},
MRREVIEWER = {Martin\ Hyland},
}
@article {CKWW07,
    AUTHOR = {Carboni, A. and Kelly, G. M. and Walters, R. F. C. and Wood,
              R. J.},
     TITLE = {Cartesian bicategories {II}},
   JOURNAL = {Theory Appl. Categ.},
  FJOURNAL = {Theory and Applications of Categories},
    VOLUME = {19},
      YEAR = {2007},
     PAGES = {93--124},
      ISSN = {1201-561X},
   MRCLASS = {18D05 (18D20)},
  MRNUMBER = {3656673},
}
@article {FK72,
    AUTHOR = {Freyd, P. J. and Kelly, G. M.},
     TITLE = {Categories of continuous functors. {I}},
   JOURNAL = {J. Pure Appl. Algebra},
  FJOURNAL = {Journal of Pure and Applied Algebra},
    VOLUME = {2},
      YEAR = {1972},
     PAGES = {169--191},
      ISSN = {0022-4049,1873-1376},
   MRCLASS = {18A25},
  MRNUMBER = {322004},
MRREVIEWER = {M.\ Tierney},
       DOI = {10.1016/0022-4049(72)90001-1},
       URL = {https://doi.org/10.1016/0022-4049(72)90001-1},
}
@article {Kl70,
    AUTHOR = {Klein, Aaron},
     TITLE = {Relations in categories},
   JOURNAL = {Illinois J. Math.},
  FJOURNAL = {Illinois Journal of Mathematics},
    VOLUME = {14},
      YEAR = {1970},
     PAGES = {536--550},
      ISSN = {0019-2082},
   MRCLASS = {18.10},
  MRNUMBER = {268247},
MRREVIEWER = {A.\ Pultr},
       URL = {http://projecteuclid.org/euclid.ijm/1256052950},
}
@book {Gra20,
    AUTHOR = {Grandis, Marco},
     TITLE = {Higher Dimensional Categories},
      NOTE = {From double to multiple categories},
 PUBLISHER = {World Scientific Publishing Co. Pte. Ltd., Hackensack, NJ},
      YEAR = {2020},
     PAGES = {xi+522},
      ISBN = {978-981-120-510-1},
   MRCLASS = {18-02 (18A99 18N10)},
  MRNUMBER = {3970290},
MRREVIEWER = {Dominic\ Robert\ Verity},
}
@article {AHS06,
    AUTHOR = {Ad\'{a}mek, Ji\v{r}\'{\i} and Herrlich, Horst and Strecker,
              George E.},
     TITLE = {Abstract and concrete categories: the joy of cats},
      NOTE = {Reprint of the 1990 original [Wiley, New York; MR1051419]},
   JOURNAL = {Repr. Theory Appl. Categ.},
  FJOURNAL = {Reprints in Theory and Applications of Categories},
    NUMBER = {17},
      YEAR = {2006},
     PAGES = {1--507},
   MRCLASS = {18-02 (08C05 18A20 18B30 54B30)},
  MRNUMBER = {2240597},
}
@article {Nie12,
    AUTHOR = {Niefield, Susan},
     TITLE = {Span, cospan, and other double categories},
   JOURNAL = {Theory Appl. Categ.},
  FJOURNAL = {Theory and Applications of Categories},
    VOLUME = {26},
      YEAR = {2012},
     PAGES = {No. 26, 729--742},
      ISSN = {1201-561X},
   MRCLASS = {18D05 (06D22 18D10)},
  MRNUMBER = {3065941},
MRREVIEWER = {Josep\ Elgueta},
}
@article{Shu08,
    AUTHOR = {Shulman, Michael},
     TITLE = {Framed bicategories and monoidal fibrations},
   JOURNAL = {Theory Appl. Categ.},
  FJOURNAL = {Theory and Applications of Categories},
    VOLUME = {20},
      YEAR = {2008},
     PAGES = {No. 18, 650--738},
      ISSN = {1201-561X},
   MRCLASS = {18D05 (18D10 18D30)},
  MRNUMBER = {2534210},
}
@article {Ros99,
    AUTHOR = {Rosolini, Giuseppe},
     TITLE = {A note on {C}auchy completeness for preorders},
   JOURNAL = {Riv. Mat. Univ. Parma (6)},
  FJOURNAL = {Rivista di Matematica della Universit\`a di Parma. Serie 6},
    VOLUME = {2*},
      YEAR = {1999},
     PAGES = {89--99},
      ISSN = {0035-6298},
   MRCLASS = {18A40 (18B99)},
  MRNUMBER = {1752792},
}
@article {CJKP97,
    AUTHOR = {Carboni, A. and Janelidze, G. and Kelly, G. M. and Par\'{e},
              R.},
     TITLE = {On localization and stabilization for factorization systems},
   JOURNAL = {Appl. Categ. Structures},
  FJOURNAL = {Applied Categorical Structures. A Journal Devoted to
              Applications of Categorical Methods in Algebra, Analysis,
              Order, Topology and Computer Science},
    VOLUME = {5},
      YEAR = {1997},
    NUMBER = {1},
     PAGES = {1--58},
      ISSN = {0927-2852,1572-9095},
   MRCLASS = {18A32 (12F10 18A20 18E40)},
  MRNUMBER = {1436708},
MRREVIEWER = {Walter\ Tholen},
       DOI = {10.1023/A:1008620404444},
       URL = {https://doi.org/10.1023/A:1008620404444},
}
@article {HNT20,
    AUTHOR = {Hosseini, S. N. and Nasab, A. R. Shir Ali and Tholen, W.},
     TITLE = {Fraction, restriction, and range categories from stable
              systems of morphisms},
   JOURNAL = {J. Pure Appl. Algebra},
  FJOURNAL = {Journal of Pure and Applied Algebra},
    VOLUME = {224},
      YEAR = {2020},
    NUMBER = {9},
     PAGES = {106361, 28},
      ISSN = {0022-4049,1873-1376},
   MRCLASS = {18A99 (18A32 18B99)},
  MRNUMBER = {4083787},
MRREVIEWER = {Simion\ Sorin P. Breaz},
       DOI = {10.1016/j.jpaa.2020.106361},
       URL = {https://doi.org/10.1016/j.jpaa.2020.106361},
}
@article {SW73,
    AUTHOR = {Street, Ross and Walters, R. F. C.},
     TITLE = {The comprehensive factorization of a functor},
   JOURNAL = {Bull. Amer. Math. Soc.},
  FJOURNAL = {Bulletin of the American Mathematical Society},
    VOLUME = {79},
      YEAR = {1973},
     PAGES = {936--941},
      ISSN = {0002-9904},
   MRCLASS = {18A20 (18D99)},
  MRNUMBER = {346027},
MRREVIEWER = {A.\ Pultr},
       DOI = {10.1090/S0002-9904-1973-13268-9},
       URL = {https://doi.org/10.1090/S0002-9904-1973-13268-9},
}
@article {WW08,
    AUTHOR = {Walters, R. F. C. and Wood, R. J.},
     TITLE = {Frobenius objects in {C}artesian bicategories},
   JOURNAL = {Theory Appl. Categ.},
  FJOURNAL = {Theory and Applications of Categories},
    VOLUME = {20},
      YEAR = {2008},
     PAGES = {No. 3, 25--47},
      ISSN = {1201-561X},
   MRCLASS = {18A25 (18D05)},
  MRNUMBER = {2395240},
}
@article {LWW10,
    AUTHOR = {Lack, Stephen and Walters, R. F. C. and Wood, R. J.},
     TITLE = {Bicategories of spans as {C}artesian bicategories},
   JOURNAL = {Theory Appl. Categ.},
  FJOURNAL = {Theory and Applications of Categories},
    VOLUME = {24},
      YEAR = {2010},
     PAGES = {No. 1, 1--24},
      ISSN = {1201-561X},
   MRCLASS = {18D05},
  MRNUMBER = {2593227},
MRREVIEWER = {Josep\ Elgueta},
}
@misc{Law72,
  author = {Lawvere, F. William},
  title = {Teoria delle categorie sopra un topos di base},
  howpublished = {\url{https://github.com/mattearnshaw/lawvere/blob/master/pdfs/1972-perugia-lecture-notes.pdf}},
  note = {lecture notes from Perugia},
  year = 1972
}
@incollection {Ben67,
    AUTHOR = {B{\'{e}}nabou, Jean},
     TITLE = {Introduction to bicategories},
 BOOKTITLE = {Reports of the {M}idwest {C}ategory {S}eminar},
    SERIES = {Lecture Notes in Math.},
    VOLUME = {No. 47},
     PAGES = {1--77},
 PUBLISHER = {Springer, Berlin-New York},
      YEAR = {1967},
   MRCLASS = {18.10},
  MRNUMBER = {220789},
MRREVIEWER = {J.\ R.\ Isbell},
}
@article {BCSW83,
    AUTHOR = {Betti, Renato and Carboni, Aurelio and Street, Ross and
              Walters, Robert},
     TITLE = {Variation through enrichment},
   JOURNAL = {J. Pure Appl. Algebra},
  FJOURNAL = {Journal of Pure and Applied Algebra},
    VOLUME = {29},
      YEAR = {1983},
    NUMBER = {2},
     PAGES = {109--127},
      ISSN = {0022-4049,1873-1376},
   MRCLASS = {18D20 (18F20)},
  MRNUMBER = {707614},
MRREVIEWER = {G.\ M.\ Kelly},
       DOI = {10.1016/0022-4049(83)90100-7},
       URL = {https://doi.org/10.1016/0022-4049(83)90100-7},
}
@incollection {Par21,
    AUTHOR = {Par\'{e}, Robert},
     TITLE = {Morphisms of rings},
 BOOKTITLE = {Joachim {L}ambek: the interplay of mathematics, logic, and
              linguistics},
    SERIES = {Outst. Contrib. Log.},
    VOLUME = {20},
     PAGES = {271--298},
 PUBLISHER = {Springer, Cham},
      YEAR = {[2021] \copyright 2021},
      ISBN = {978-3-030-66544-9; 978-3-030-66545-6},
   MRCLASS = {16B50 (18B99)},
  MRNUMBER = {4352961},
MRREVIEWER = {Kenneth\ A.\ Brown},
       DOI = {10.1007/978-3-030-66545-6\_8},
       URL = {https://doi.org/10.1007/978-3-030-66545-6_8},
}
@article {Law73,
    AUTHOR = {Lawvere, F. William},
     TITLE = {Metric spaces, generalized logic, and closed categories},
   JOURNAL = {Rend. Sem. Mat. Fis. Milano},
  FJOURNAL = {Rendiconti del Seminario Matematico e Fisico di Milano},
    VOLUME = {43},
      YEAR = {1973},
     PAGES = {135--166},
      ISSN = {0370-7377},
   MRCLASS = {18D15 (54E25)},
  MRNUMBER = {352214},
       DOI = {10.1007/BF02924844},
       URL = {https://doi.org/10.1007/BF02924844},
}
@article {BD86,
    AUTHOR = {Borceux, Francis and Dejean, Dominique},
     TITLE = {Cauchy completion in category theory},
   JOURNAL = {Cahiers Topologie G\'{e}om. Diff\'{e}rentielle Cat\'{e}g.},
  FJOURNAL = {Cahiers de Topologie et G\'{e}om\'{e}trie Diff\'{e}rentielle
              Cat\'{e}goriques},
    VOLUME = {27},
      YEAR = {1986},
    NUMBER = {2},
     PAGES = {133--146},
      ISSN = {0008-0004},
   MRCLASS = {18D20},
  MRNUMBER = {850528},
MRREVIEWER = {R.\ H.\ Street},
}
@article {Ehr63,
    AUTHOR = {Ehresmann, Charles},
     TITLE = {Cat\'{e}gories doubles et cat\'{e}gories structur\'{e}es},
   JOURNAL = {C. R. Acad. Sci. Paris},
  FJOURNAL = {Comptes Rendus Hebdomadaires des S\'{e}ances de l'Acad\'{e}mie
              des Sciences},
    VOLUME = {256},
      YEAR = {1963},
     PAGES = {1198--1201},
      ISSN = {0001-4036},
   MRCLASS = {18.10},
  MRNUMBER = {152561},
MRREVIEWER = {A.\ Heller},
}
@article {Par11,
    AUTHOR = {Par\'{e}, Robert},
     TITLE = {Yoneda theory for double categories},
   JOURNAL = {Theory Appl. Categ.},
  FJOURNAL = {Theory and Applications of Categories},
    VOLUME = {25},
      YEAR = {2011},
     PAGES = {No. 17, 436--489},
      ISSN = {1201-561X},
   MRCLASS = {18D05 (18A23 18A25 18A40 18B15)},
  MRNUMBER = {2861115},
MRREVIEWER = {R.\ H.\ Street},
}
@article {GP04,
    AUTHOR = {Grandis, Marco and Pare, Robert},
     TITLE = {Adjoint for double categories. {A}ddenda to: ``{L}imits in
              double categories''},
   JOURNAL = {Cahiers Topologie G\'{e}om. Diff\'{e}rentielle Cat\'{e}g.},
  FJOURNAL = {Cahiers de Topologie et G\'{e}om\'{e}trie Diff\'{e}rentielle
              Cat\'{e}goriques},
    VOLUME = {45},
      YEAR = {2004},
    NUMBER = {3},
     PAGES = {193--240},
      ISSN = {1245-530X,2681-2363},
   MRCLASS = {18A40 (18D05)},
  MRNUMBER = {2090335},
}
@book {FS90,
    AUTHOR = {Freyd, Peter J. and Scedrov, Andre},
     TITLE = {Categories, allegories},
    SERIES = {North-Holland Mathematical Library},
    VOLUME = {39},
 PUBLISHER = {North-Holland Publishing Co., Amsterdam},
      YEAR = {1990},
     PAGES = {xviii+296},
      ISBN = {0-444-70368-3; 0-444-70367-5},
   MRCLASS = {18-02 (18Bxx)},
  MRNUMBER = {1071176},
MRREVIEWER = {Walter\ Tholen},
}
@article {HJ03,
    TITLE = {Factorization systems and fibrations: Toward a fibred {B}irkhoff variety theorem},
    journal = {Electronic Notes in Theoretical Computer Science},
    volume = {69},
    pages = {156-182},
    year = {2003},
    note = {CTCS'02, Category Theory and Computer Science},
    issn = {1571-0661},
    doi = {https://doi.org/10.1016/S1571-0661(04)80564-4},
    url = {https://www.sciencedirect.com/science/article/pii/S1571066104805644},
    author = {Jesse Hughes and Bart Jacobs},
    abstract = {It is well-known that a factorization system on a category (with sufficient pullbacks) gives rise to a fibration. This paper characterizes the fibrations that arise in such a way, by making precise the logical structure that is given by factorization systems. The underlying motivation is to obtain general Birkhoff results in a fibred setting.}
}
@misc {Ste23,
      title={Factorization systems and double categories}, 
      author={Miloslav {\v{S}}t{\v{e}}p{\'{a}}n},
      year={2023},
      eprint={2305.06714},
      archivePrefix={arXiv},
      primaryClass={math.CT}
}
@misc{Shu10,
      title={Constructing symmetric monoidal bicategories}, 
      author={Michael A. Shulman},
      year={2010},
      eprint={1004.0993},
      archivePrefix={arXiv},
      primaryClass={math.CT}
}
@article {HNST22,
    AUTHOR = {Hosseini, S. N. and Nasab, A. R. Shir Ali and Tholen, W. and
              Yeganeh, L.},
     TITLE = {Quotients of span categories that are allegories and the
              representation of regular categories},
   JOURNAL = {Appl. Categ. Structures},
  FJOURNAL = {Applied Categorical Structures. A Journal Devoted to
              Applications of Categorical Methods in Algebra, Analysis,
              Order, Topology and Computer Science},
    VOLUME = {30},
      YEAR = {2022},
    NUMBER = {6},
     PAGES = {1177--1201},
      ISSN = {0927-2852,1572-9095},
   MRCLASS = {18B10 (18A32 18E08)},
  MRNUMBER = {4519631},
       DOI = {10.1007/s10485-022-09687-9},
       URL = {https://doi.org/10.1007/s10485-022-09687-9},
}
@incollection {JW00,
    AUTHOR = {Jayewardene, Romaine and Wyler, Oswald},
     TITLE = {Categories of relations and functional relations},
      NOTE = {Papers in honour of Bernhard Banaschewski (Cape Town, 1996)},
   JOURNAL = {Appl. Categ. Structures},
  FJOURNAL = {Applied Categorical Structures. A Journal Devoted to
              Applications of Categorical Methods in Algebra, Analysis,
              Order, Topology and Computer Science},
    VOLUME = {8},
      YEAR = {2000},
    NUMBER = {1-2},
     PAGES = {279--305},
      ISSN = {0927-2852,1572-9095},
   MRCLASS = {18B10 (18A32)},
  MRNUMBER = {1785849},
       DOI = {10.1023/A:1008651524610},
       URL = {https://doi.org/10.1023/A:1008651524610},
}
@article {Pav95,
    AUTHOR = {Pavlovi\'{c}, Du\v{s}ko},
     TITLE = {Maps. {I}. {R}elative to a factorisation system},
   JOURNAL = {J. Pure Appl. Algebra},
  FJOURNAL = {Journal of Pure and Applied Algebra},
    VOLUME = {99},
      YEAR = {1995},
    NUMBER = {1},
     PAGES = {9--34},
      ISSN = {0022-4049,1873-1376},
   MRCLASS = {18A32 (18B10 18D05)},
  MRNUMBER = {1325167},
MRREVIEWER = {Walter\ Tholen},
       DOI = {10.1016/0022-4049(94)00054-M},
       URL = {https://doi.org/10.1016/0022-4049(94)00054-M},
}
@article {IK86,
    AUTHOR = {Im, Geun Bin and Kelly, G. M.},
     TITLE = {On classes of morphisms closed under limits},
   JOURNAL = {J. Korean Math. Soc.},
  FJOURNAL = {Journal of the Korean Mathematical Society},
    VOLUME = {23},
      YEAR = {1986},
    NUMBER = {1},
     PAGES = {1--18},
      ISSN = {0304-9914,2234-3008},
   MRCLASS = {18A30 (18A20 18A32 18A40)},
  MRNUMBER = {843246},
MRREVIEWER = {J.\ Sonner},
}
@article {Uem23,
    AUTHOR = {Uemura, Taichi},
     TITLE = {A general framework for the semantics of type theory},
   JOURNAL = {Math. Structures Comput. Sci.},
  FJOURNAL = {Mathematical Structures in Computer Science. A Journal in the
              Applications of Categorical, Algebraic and Geometric Methods
              in Computer Science},
    VOLUME = {33},
      YEAR = {2023},
    NUMBER = {3},
     PAGES = {134--179},
      ISSN = {0960-1295,1469-8072},
   MRCLASS = {03B38 (18N45)},
  MRNUMBER = {4634095},
       DOI = {10.1017/s0960129523000208},
       URL = {https://doi.org/10.1017/s0960129523000208},
}
@article {Par24,
    AUTHOR = {Par\'{e}, Robert},
     TITLE = {Retrocells},
   JOURNAL = {Theory Appl. Categ.},
  FJOURNAL = {Theory and Applications of Categories},
    VOLUME = {40},
      YEAR = {2024},
     PAGES = {Paper No. 5, 130--179},
      ISSN = {1201-561X},
   MRCLASS = {18N10 (18C15 18D15)},
  MRNUMBER = {4732695},
}
